<record><leader>00000cas a22000007a 4500</leader><controlfield tag="001">14211085</controlfield><controlfield tag="008">860912d19061916iauwr ne      0    0eng d</controlfield><datafield ind1=" " ind2=" " tag="010"><subfield code="a">sn 86060174 </subfield></datafield><datafield ind1=" " ind2=" " tag="040"><subfield code="a">INP</subfield><subfield code="b">eng</subfield><subfield code="c">INP</subfield><subfield code="d">OCLCQ</subfield></datafield><datafield ind1=" " ind2=" " tag="042"><subfield code="a">msc</subfield></datafield><datafield ind1="0" ind2="4" tag="245"><subfield code="a">The Lockridge herald.</subfield></datafield><datafield ind1=" " ind2=" " tag="260"><subfield code="a">Lockridge, Iowa :</subfield><subfield code="b">B.J. Taylor &amp; Sons,</subfield><subfield code="c">1909-1916.</subfield></datafield><datafield ind1=" " ind2=" " tag="300"><subfield code="a">7 v. :</subfield><subfield code="b">ill. ;</subfield><subfield code="c">54 cm.</subfield></datafield><datafield ind1=" " ind2=" " tag="310"><subfield code="a">Weekly</subfield></datafield><datafield ind1="0" ind2=" " tag="362"><subfield code="a">Vol. 1, no. 1 (Oct. 1, 1909)-v. 7, no. 46 (Sept. 15, 1916).</subfield></datafield><datafield ind1=" " ind2=" " tag="500"><subfield code="a">Publisher varies.</subfield></datafield><datafield ind1=" " ind2=" " tag="500"><subfield code="a">Official Jefferson County newspaper.</subfield></datafield><datafield ind1=" " ind2=" " tag="500"><subfield code="a">Originally edited by: H.W. Erickson.</subfield></datafield><datafield ind1=" " ind2=" " tag="515"><subfield code="a">Occasional issues misnumbered and misdated.</subfield></datafield><datafield ind1=" " ind2=" " tag="752"><subfield code="a">United States</subfield><subfield code="b">Iowa</subfield><subfield code="c">Jefferson</subfield><subfield code="d">Lockridge.</subfield></datafield><datafield ind1="0" ind2="0" tag="785"><subfield code="t">Lockridge times</subfield><subfield code="w">(DLC)sn 86061023</subfield></datafield><datafield ind1="1" ind2=" " tag="029"><subfield code="a">AU@</subfield><subfield code="b">000025809489</subfield></datafield></record>